<record><leader>00000cas a22000007a 4500</leader><controlfield tag="001">21927673</controlfield><controlfield tag="008">900627d19451952mnumr ne      0    0eng d</controlfield><datafield ind1=" " ind2=" " tag="010"><subfield code="a">sn 89081111 </subfield></datafield><datafield ind1=" " ind2=" " tag="040"><subfield code="a">MN#</subfield><subfield code="b">eng</subfield><subfield code="c">MN#</subfield><subfield code="d">OCLCQ</subfield></datafield><datafield ind1=" " ind2=" " tag="042"><subfield code="a">msc</subfield></datafield><datafield ind1=" " ind2=" " tag="043"><subfield code="a">n-us-mn</subfield></datafield><datafield ind1=" " ind2=" " tag="052"><subfield code="a">4144</subfield><subfield code="b">D9</subfield></datafield><datafield ind1=" " ind2=" " tag="052"><subfield code="a">4143</subfield><subfield code="b">S2</subfield></datafield><datafield ind1="0" ind2="0" tag="245"><subfield code="a">Eagles 79 pep news.</subfield></datafield><datafield ind1="3" ind2="0" tag="246"><subfield code="a">Pep news</subfield></datafield><datafield ind1="3" ind2="0" tag="246"><subfield code="a">Eagles seventy-nine pep news</subfield></datafield><datafield ind1="1" ind2="3" tag="246"><subfield code="a">Duluth Aerie No. 79 pep news</subfield></datafield><datafield ind1=" " ind2=" " tag="260"><subfield code="a">Duluth, Minn. :</subfield><subfield code="b">Duluth Aerie No. 79 F.O.E.,</subfield><subfield code="c">1945-1952.</subfield></datafield><datafield ind1=" " ind2=" " tag="300"><subfield code="a">8 v.</subfield></datafield><datafield ind1=" " ind2=" " tag="310"><subfield code="a">Monthly</subfield></datafield><datafield ind1="0" ind2=" " tag="362"><subfield code="a">Vol. 4, no. 9 (Mar. 1945)-v. 11, no. 11 (May 1952).</subfield></datafield><datafield ind1=" " ind2=" " tag="530"><subfield code="a">Available on microfilm from the Minnesota Historical Society.</subfield></datafield><datafield ind1=" " ind2=" " tag="550"><subfield code="a">Official organ of: Duluth Aerie Number 79-Fraternal Order of Eagles.</subfield></datafield><datafield ind1=" " ind2=" " tag="752"><subfield code="a">United States</subfield><subfield code="b">Minnesota</subfield><subfield code="c">Saint Louis</subfield><subfield code="d">Duluth.</subfield></datafield><datafield ind1="0" ind2="0" tag="780"><subfield code="t">Duluth Aerie Number 79 pep news</subfield><subfield code="w">(DLC)sn 89064991</subfield></datafield></record>